@phdthesis{Courbon09PhD,
	address = "Clermont-Ferrand, France",
	author = "J. Courbon",
	month = "December",
	school = "Universit{\'e} Blaise Pascal",
	title = "{Navigation de Robots Mobiles par M{\'e}moire Sensorielle}",
	year = "2009"
}

@inproceedings{baudouin:humanoids:11,
	author = "L. Baudouin and N. Perrin and T. Moulard and F. Lamiraux and O. Stasse and E. Yoshida",
	booktitle = "IEEE/RAS International Conference on Humanoid Robotics",
	title = "{Real-time Replanning Using 3D Environment for Humanoid Robot}",
	url = "http://ubuntuone.com/6zyz487WVECpyW88tEfQz5",
	year = "2011"
}
